<?xml version="1.0" encoding="UTF-8"?><collection xmlns="http://www.loc.gov/MARC21/slim"><record><leader>00479nam--2200193-u-4500</leader><controlfield tag="001">000052302</controlfield><controlfield tag="002">20161230</controlfield><controlfield tag="005">20161230201050</controlfield><controlfield tag="008">100614s1000------------r-----000-0-RUS-d</controlfield><datafield ind1=" " ind2=" " tag="040"><subfield code="a">IFIN-HH</subfield></datafield><datafield ind1=" " ind2=" " tag="041"><subfield code="a">RUS</subfield></datafield><datafield ind1=" " ind2=" " tag="080"><subfield code="a">519.216</subfield></datafield><datafield ind1="1" ind2=" " tag="100"><subfield code="a">Kallianpur,G</subfield></datafield><datafield ind1="1" ind2="0" tag="245"><subfield code="a">Stohasticeskaia teoria filitratii</subfield><subfield code="c">G. kallianpur</subfield></datafield><datafield ind1=" " ind2=" " tag="260"><subfield code="a">Moskva</subfield><subfield code="b">Nauka</subfield><subfield code="c">1987</subfield></datafield><datafield ind1=" " ind2=" " tag="300"><subfield code="a">320P</subfield></datafield><datafield ind1=" " ind2=" " tag="500"><subfield code="a">Stochastic Filtering Theory</subfield></datafield><datafield ind1=" " ind2=" " tag="852"><subfield code="a">74389</subfield><subfield code="c">519.2</subfield></datafield><datafield ind1=" " ind2=" " tag="CAT"><subfield code="a">Sys</subfield><subfield code="c">20100614</subfield><subfield code="h">103729</subfield></datafield></record></collection>